@Misc{ Eurotunnel group 2014 ANNUAL REVIEW,
howpublished = {\url{http://www.eurotunnelgroup.com/uploadedFiles/assets-uk/Shareholders-Investors/Publication/Annual-Review/2014-AR-CSR-UK-EurotunnelGroup.pdf }},
note = {Accessed December 4, 2015},
title = {Eurotunnel group 2014 ANNUAL REVIEW & corporate social responsibility },
author = {Eurotunnel group}
}
